
@article{word2vec,
title = {Distributed Representations of Words and Phrases and their Compositionality},
author = {Mikolov, Tomas and Sutskever, Ilya and Chen, Kai and Corrado, Greg S and Dean, Jeff},
booktitle = {Advances in Neural Information Processing Systems 26},
editor = {C. J. C. Burges and L. Bottou and M. Welling and Z. Ghahramani and K. Q. Weinberger},
pages = {3111--3119},
year = {2013},
publisher = {Curran Associates, Inc.},
url = {http://papers.nips.cc/paper/5021-distributed-representations-of-words-and-phrases-and-their-compositionality.pdf}
}
@article{joulin2016fasttext,
  title={FastText.zip: Compressing text classification models},
  author={Joulin, Armand and Grave, Edouard and Bojanowski, Piotr and Douze, Matthijs and J{\'e}gou, H{\'e}rve and Mikolov, Tomas},
  journal={arXiv preprint arXiv:1612.03651},
  year={2016}
}
@article{PVDB,
  title={Distributed Representations of Sentences and Documents ICML},
  author={Quoc V. Le, and Tomas Mikolov},
  year={2014},
}
@article{kenter2016siamesecbow,
  title={Siamese CBOW: Optimizing Word Embeddings for Sentence Representations},
  author={Kenter, Tom and Borisov, Alexey and de Rijke, Maarten},
  booktitle={Proceedings of the The 54th Annual Meeting of the Association for Computational Linguistics (ACL 2016)},
  year={2016},
}
@article{bojanowski2016enriching,
  title={Enriching Word Vectors with Subword Information},
  author={Bojanowski, Piotr and Grave, Edouard and Joulin, Armand and Mikolov, Tomas},
  journal={arXiv preprint arXiv:1607.04606},
  year={2016}
}
@article{fu2013reality,
  title={Reality check for the Chinese microblog space: a random sampling approach},
  author={Fu, King-wa and Chau, Michael},
  journal={PloS one},
  volume={8},
  number={3},
  pages={e58356},
  year={2013},
  publisher={Public Library of Science}
}
